@article{hannun2019cardiologist,
  title={Cardiologist-level arrhythmia detection and classification in ambulatory electrocardiograms using a deep neural network},
  author={Hannun, Awni Y and Rajpurkar, Pranav and Haghpanahi, Masoumeh and Tison, Geoffrey H and Bourn, Codie and Turakhia, Mintu P and Ng, Andrew Y},
  journal={Nature Medicine},
  volume={25},
  number={1},
  pages={65--69},
  year={2019},
  publisher={Nature Publishing Group}
}

@article{ribeiro2020automatic,
  title={Automatic diagnosis of the 12-lead ECG using a deep neural network},
  author={Ribeiro, Ant{\^o}nio H and Ribeiro, Manoel Horta and Paixão, Gabriela MM and Oliveira, Derick M and Gomes, Paulo R and Canazart, Jéssica A and Ferreira, Milton PS and Andersson, Carl R and Macfarlane, Peter W and Meira Jr, Wagner and others},
  journal={Nature Communications},
  volume={11},
  number={1},
  pages={1760},
  year={2020},
  publisher={Nature Publishing Group}
}

@article{ansari2023deep,
  title={Deep learning for ECG Arrhythmia detection and classification: an overview of progress for period 2017--2023},
  author={Ansari, Yaqoob and Mourad, Omar and Qaraqe, Khalid and Serpedin, Erchin},
  journal={Frontiers in Physiology},
  volume={14},
  pages={1246746},
  year={2023},
  publisher={Frontiers Media SA}
}

@article{ebrahimi2020deep,
  title={A review on deep learning methods for ECG arrhythmia classification},
  author={Zahra Ebrahimi and Mohammad Loni and Masoud Daneshtalab and Arash Gharehbaghi},
  journal={Expert Systems with Applications: X},
  volume={7},
  pages={100033},
  year={2020},
  publisher={Elsevier}
}

@article{weimann2021transfer,
  title={Transfer learning for ECG classification},
  author={Weimann, Kuba and Conrad, Tim O. F.},
  journal={Scientific Reports},
  volume={11},
  number={1},
  pages={5251},
  year={2021},
  publisher={Nature Publishing Group}
}

@article{kolhar2024deep,
  title={Deep learning hybrid model ECG classification using AlexNet and parallel dual branch fusion network model},
  author={Kolhar, Manjur and Al Rajeh, Ahmed M.},
  journal={Scientific Reports},
  volume={14},
  number={1},
  pages={26847},
  year={2024},
  publisher={Nature Publishing Group}
}

@article{ayano2021survey,
  title={Interpretable Machine Learning Techniques in ECG-Based Heart Disease Classification: A Systematic Review},
  author={Ayano, Yehualashet Megersa and Schwenker, Friedhelm and Dufera, Bisrat Derebssa and Debelee, Taye Girma},
  journal={Diagnostics},
  volume={13},
  number={1},
  pages={111},
  year={2023},
  publisher={MDPI}
}

@inproceedings{wu2025explainability,
author = {Wu, Shi and Zhou, Jianlong and Dong, Yifei and Chen, Fang},
title = {Enhancing Explainability of Deep Learning-Based ECG Diagnosis Using Large Language Models},
year = {2025},
isbn = {9798400718014},
publisher = {Association for Computing Machinery},
address = {New York, NY, USA},
url = {https://doi.org/10.1145/3704137.3704146},
doi = {10.1145/3704137.3704146},
booktitle = {Proceedings of the 2024 8th International Conference on Advances in Artificial Intelligence},
pages = {61–65},
numpages = {5},
keywords = {Electrocardiogram (ECG), Explainable AI (XAI), Multimodal Large Language Models (MLLMs), Grad-CAM},
location = {
},
series = {ICAAI '24}
}

@article{sharma2022interpretable,
  title={Exploring Interpretable AI Methods for ECG Data Classification},
  author={Sharma, Ravi and Patel, Amit and Kumar, Suresh},
  journal={ACM Transactions on Computing for Healthcare},
  volume={3},
  number={2},
  pages={1--18},
  year={2022},
  publisher={ACM}
}

@article{xie2024prototype,
  title={Prototype Learning for Medical Time Series Classification via Human--Machine Collaboration},
  author={Xie, Jia and Wang, Zhu and Yu, Zhiwen and Ding, Yasan and Guo, Bin},
  journal={Sensors},
  volume={24},
  number={8},
  pages={2655},
  year={2024},
  publisher={MDPI}
}

@article{sethi2025protoecgnet,
  title={ProtoECGNet: Case-Based Interpretable Deep Learning for Multi-Label ECG Classification with Contrastive Learning},
  author={Sethi, Srishti and Chen, Dianwen and Statchen, Tobias and Burkhart, Madeleine C and Bhandari, Nishchal and Ramadan, Bassem and Beaulieu-Jones, Brett K},
  journal={arXiv preprint arXiv:2504.08713},
  year={2025}
}

@article{martinezselles2023current,
  title={Current and Future Use of Artificial Intelligence in Electrocardiography},
  author={Martínez-Sellés M, Marina-Breysse},
  journal={Journal of the American Heart Association},
  volume={12},
  number={7},
  pages={e028283},
  year={2023},
  publisher={American Heart Association}
}

@article{smith2023machine,
  title={Machine learning for ECG diagnosis and risk stratification of occlusion myocardial infarction},
  author={Smith, Stephen W and Lindow, Thomas and Gong, Yizheng and Marti, Noud and Oliveira, Rui and Gravel, Hubert and Maghraby, Ahmed and Muse, Erick D and Hickey, Garvan and Woolley, Rachael and others},
  journal={Nature Medicine},
  volume={29},
  number={7},
  pages={1804--1813},
  year={2023},
  publisher={Nature Publishing Group}
}

@article{siontis2019automated,
  title={Automated and Interpretable Patient ECG Profiles for Disease Detection, Tracking, and Discovery},
  author={Siontis, Konstantinos C and Noseworthy, Peter A and Attia, Zachi I and Friedman, Paul A},
  journal={Circulation: Cardiovascular Quality and Outcomes},
  volume={12},
  number={9},
  pages={e005289},
  year={2019},
  publisher={American Heart Association}
}

@article{wagner2020ptbxl,
  title={PTB-XL, a large publicly available electrocardiography dataset},
  author={Wagner, Patrick and Strodthoff, Nils and Bousseljot, Ralf-Dieter and Kreiseler, Dieter and Lunze, Fatima I and Samek, Wojciech and Schaeffter, Tobias},
  journal={Scientific Data},
  volume={7},
  number={1},
  pages={1--15},
  year={2020},
  publisher={Nature Publishing Group}
}